% Encoding: UTF-8

@book{hull2020origametry,
  title={Origametry: Mathematical Methods in Paper Folding},
  author={Hull, T.C.},
  isbn={9781108478724},
  lccn={2020022971},
  url={https://books.google.si/books?id=LdX7DwAAQBAJ},
  year={2020},
  publisher={Cambridge University Press}
}


@Comment{jabref-meta: databaseType:bibtex;}

% vim: set tw=0:
